% Lion Ecosystem Formal Verification - Consolidated Bibliography
% Author: Lion Ecosystem Formal Foundations Theorist
% Date: July 11, 2025
% 
% This bibliography consolidates all references from the five chapters of the
% Lion Ecosystem Formal Verification framework, organized thematically.

% ============================================================================
% CATEGORY THEORY AND MATHEMATICAL FOUNDATIONS
% ============================================================================

@book{MacLane1998,
    author = {Saunders Mac Lane},
    title = {Categories for the Working Mathematician},
    publisher = {Springer-Verlag},
    year = {1998},
    edition = {2nd},
    series = {Graduate Texts in Mathematics},
    volume = {5},
    isbn = {978-0-387-98403-2}
}

@book{Awodey2010,
    author = {Steve Awodey},
    title = {Category Theory},
    publisher = {Oxford University Press},
    year = {2010},
    edition = {2nd},
    series = {Oxford Logic Guides},
    volume = {52},
    isbn = {978-0-19-923718-0}
}

@book{BarrWells1990,
    author = {Michael Barr and Charles Wells},
    title = {Category Theory for Computing Science},
    publisher = {Prentice Hall},
    year = {1990},
    series = {Prentice Hall International Series in Computer Science},
    isbn = {978-0-13-323809-6}
}

@book{Pierce1991,
    author = {Benjamin C. Pierce},
    title = {Basic Category Theory for Computer Scientists},
    publisher = {MIT Press},
    year = {1991},
    isbn = {978-0-262-66071-6}
}

@book{Spivak2014,
    author = {David I. Spivak},
    title = {Category Theory for the Sciences},
    publisher = {MIT Press},
    year = {2014},
    isbn = {978-0-262-02813-1}
}

@book{FongSpivak2019,
    author = {Brendan Fong and David I. Spivak},
    title = {An Invitation to Applied Category Theory: Seven Sketches in Compositionality},
    publisher = {Cambridge University Press},
    year = {2019},
    isbn = {978-1-108-48296-0}
}

@book{Riehl2016,
    author = {Emily Riehl},
    title = {Category Theory in Context},
    publisher = {Dover Publications},
    year = {2016},
    series = {Aurora: Dover Modern Math Originals},
    isbn = {978-0-486-80903-8}
}

@book{Johnstone2002,
    author = {Peter T. Johnstone},
    title = {Sketches of an Elephant: A Topos Theory Compendium},
    publisher = {Oxford University Press},
    year = {2002},
    series = {Oxford Logic Guides},
    isbn = {978-0-19-851598-8}
}

@book{LambekScott1988,
    author = {Joachim Lambek and Philip J. Scott},
    title = {Introduction to Higher-Order Categorical Logic},
    publisher = {Cambridge University Press},
    year = {1988},
    series = {Cambridge Studies in Advanced Mathematics},
    isbn = {978-0-521-35653-4}
}

@article{Goguen1991,
    author = {Joseph A. Goguen},
    title = {A categorical manifesto},
    journal = {Mathematical Structures in Computer Science},
    year = {1991},
    volume = {1},
    number = {1},
    pages = {49--67},
    doi = {10.1017/S0960129500000050}
}

% ============================================================================
% CAPABILITY-BASED SECURITY SYSTEMS
% ============================================================================

@article{DennisVanHorn1966,
    author = {Jack B. Dennis and Earl C. Van Horn},
    title = {Programming semantics for multiprogrammed computations},
    journal = {Communications of the ACM},
    year = {1966},
    volume = {9},
    number = {3},
    pages = {143--155},
    doi = {10.1145/365230.365252}
}

@book{Levy1984,
    author = {Henry M. Levy},
    title = {Capability-Based Computer Systems},
    publisher = {Digital Press},
    year = {1984},
    isbn = {978-0-932376-22-0}
}

@article{Hardy1985,
    author = {Norm Hardy},
    title = {The confused deputy: (or why capabilities might have been invented)},
    journal = {ACM SIGOPS Operating Systems Review},
    year = {1985},
    volume = {19},
    number = {4},
    pages = {36--38},
    doi = {10.1145/6618.6619}
}

@techreport{MillerYeeShapiro2003,
    author = {Mark S. Miller and Ka-Ping Yee and Jonathan Shapiro},
    title = {Capability myths demolished},
    institution = {Johns Hopkins University Systems Research Laboratory},
    year = {2003},
    type = {Technical Report},
    number = {SRL2003-02}
}

@article{ShapiroSmithFarber1999,
    author = {Jonathan S. Shapiro and Jonathan M. Smith and David J. Farber},
    title = {EROS: a fast capability system},
    journal = {ACM SIGOPS Operating Systems Review},
    year = {1999},
    volume = {33},
    number = {5},
    pages = {170--185},
    doi = {10.1145/319344.319163}
}

@article{WahleLuccoAndersonGraham1993,
    author = {Robert Wahbe and Steven Lucco and Thomas E. Anderson and Susan L. Graham},
    title = {Efficient software-based fault isolation},
    journal = {ACM SIGOPS Operating Systems Review},
    year = {1993},
    volume = {27},
    number = {5},
    pages = {203--216},
    doi = {10.1145/173668.168635}
}

@inproceedings{Watson2015,
    author = {Robert N. Watson and others},
    title = {CHERI: A hybrid capability-system architecture for scalable software compartmentalization},
    booktitle = {2015 IEEE Symposium on Security and Privacy},
    year = {2015},
    pages = {20--37},
    doi = {10.1109/SP.2015.9}
}

@phdthesis{Miller2006,
    author = {Mark S. Miller},
    title = {Robust Composition: Towards a Unified Approach to Access Control and Concurrency Control},
    school = {Johns Hopkins University},
    year = {2006}
}

@inproceedings{SewellWinwoodFlur2013,
    author = {Thomas Sewell and Simon Winwood and Shaked Flur and others},
    title = {seL4: from general purpose to a proof of information flow enforcement},
    booktitle = {2013 IEEE Symposium on Security and Privacy},
    year = {2013},
    pages = {415--429},
    doi = {10.1109/SP.2013.35}
}

@inproceedings{GargEtAl2013,
    author = {Deepak Garg and others},
    title = {Relationship between non-interference and correctness in concurrent programs},
    booktitle = {2013 IEEE 26th Computer Security Foundations Symposium},
    year = {2013},
    pages = {331--350},
    doi = {10.1109/CSF.2013.30}
}

% ============================================================================
% MEMORY SAFETY AND WEBASSEMBLY
% ============================================================================

@article{HaasRossbergSchuff2017,
    author = {Andreas Haas and Andreas Rossberg and Derek L. Schuff and others},
    title = {Bringing the web up to speed with WebAssembly},
    journal = {Communications of the ACM},
    year = {2017},
    volume = {60},
    number = {12},
    pages = {107--115},
    doi = {10.1145/3124633}
}

@techreport{Rossberg2019,
    author = {Andreas Rossberg},
    title = {WebAssembly Core Specification},
    institution = {World Wide Web Consortium},
    year = {2019},
    type = {W3C Recommendation}
}

@inproceedings{Watt2018,
    author = {Conrad Watt},
    title = {Mechanising and verifying the WebAssembly specification},
    booktitle = {Proceedings of the 7th ACM SIGPLAN International Conference on Certified Programs and Proofs},
    year = {2018},
    pages = {53--65},
    doi = {10.1145/3167082.3167107}
}

@inproceedings{BosamiyaPaulinoAraujo2020,
    author = {Joel Bosamiya and Helder Paulino and Fernando Araujo},
    title = {Provably-safe multilingual software sandboxing using WebAssembly},
    booktitle = {2020 IEEE European Symposium on Security and Privacy (EuroS\&P)},
    year = {2020},
    pages = {223--238},
    doi = {10.1109/EuroSP48549.2020.00023}
}

@inproceedings{Johnson2021,
    author = {Erick Johnson and David Bohn and Scott Yourst and Bhuvan Lee and Stefan Lerner},
    title = {ERIM: Secure, efficient in-process isolation with protection keys},
    booktitle = {30th USENIX Security Symposium (USENIX Security 21)},
    year = {2021},
    pages = {1221--1238}
}

@inproceedings{Narayan2021,
    author = {Shravan Narayan and Craig Disselkoen and Amir Moghimi and Sunjay Cauligi and Erick Johnson and Zhao Gang and Deian Stefan},
    title = {Swivel: Hardening WebAssembly against Spectre},
    booktitle = {30th USENIX Security Symposium (USENIX Security 21)},
    year = {2021},
    pages = {1433--1450}
}

@article{RaadWickersonGilVafeiadis2020,
    author = {Azalea Raad and John Wickerson and Gil Gur and Viktor Vafeiadis},
    title = {Weakening WebAssembly},
    journal = {Proceedings of the ACM on Programming Languages},
    year = {2020},
    volume = {4},
    number = {OOPSLA},
    pages = {1--28},
    doi = {10.1145/3428275}
}

@article{WattRossbergPichon2019,
    author = {Conrad Watt and Andreas Rossberg and Jean Pichon-Pharabod},
    title = {Weakening WebAssembly},
    journal = {Proceedings of the ACM on Programming Languages},
    year = {2019},
    volume = {3},
    number = {OOPSLA},
    pages = {1--28},
    doi = {10.1145/3360559}
}

@article{SammlerGargDreyerGossen2021,
    author = {Michael Sammler and Deepak Garg and Derek Dreyer and Tadeusz Gossen},
    title = {The high-level benefits of low-level sandboxing},
    journal = {Proceedings of the ACM on Programming Languages},
    year = {2021},
    volume = {5},
    number = {POPL},
    pages = {1--32},
    doi = {10.1145/3434330}
}

@article{KleinElphinstoneHeiser2014,
    author = {Gerwin Klein and Kevin Elphinstone and Gernot Heiser and others},
    title = {Comprehensive formal verification of an OS microkernel},
    journal = {ACM Transactions on Computer Systems},
    year = {2014},
    volume = {32},
    number = {1},
    pages = {1--70},
    doi = {10.1145/2560537}
}

% ============================================================================
% CONCURRENCY AND ACTOR MODEL
% ============================================================================

@inproceedings{HewittBishopSteiger1973,
    author = {Carl Hewitt and Peter Bishop and Richard Steiger},
    title = {A universal modular ACTOR formalism for artificial intelligence},
    booktitle = {Proceedings of the 3rd International Joint Conference on Artificial Intelligence},
    year = {1973},
    pages = {235--245}
}

@book{Agha1986,
    author = {Gul Agha},
    title = {Actors: A Model of Concurrent Computation in Distributed Systems},
    publisher = {MIT Press},
    year = {1986},
    isbn = {978-0-262-01092-4}
}

@phdthesis{Armstrong2003,
    author = {Joe Armstrong},
    title = {Making reliable distributed systems in the presence of software errors},
    school = {Royal Institute of Technology},
    address = {Stockholm, Sweden},
    year = {2003}
}

@misc{Hewitt2010,
    author = {Carl Hewitt},
    title = {Actor model of computation: scalable robust information systems},
    year = {2010},
    eprint = {arXiv:1008.1459}
}

@inproceedings{KarmaniShaliAgha2009,
    author = {Rajesh K. Karmani and Amin Shali and Gul Agha},
    title = {Actor frameworks for the JVM platform: a comparative analysis},
    booktitle = {Proceedings of the 7th International Conference on Principles and Practice of Programming in Java},
    year = {2009},
    pages = {11--20},
    doi = {10.1145/1596655.1596658}
}

@inproceedings{SrinivasanMycroft2008,
    author = {Sriram Srinivasan and Alan Mycroft},
    title = {Kilim: Isolation-typed actors for Java},
    booktitle = {European Conference on Object-Oriented Programming},
    year = {2008},
    pages = {104--128},
    doi = {10.1007/978-3-540-70592-5_6}
}

@inproceedings{DeKosterVanCutsemDeMeuter2016,
    author = {Joeri De Koster and Tom Van Cutsem and Wolfgang De Meuter},
    title = {43 years of actors: a taxonomy of actor models and their key properties},
    booktitle = {Proceedings of the 6th International Workshop on Programming Based on Actors, Agents, and Decentralized Control},
    year = {2016},
    pages = {31--40},
    doi = {10.1145/3001886.3001890}
}

@inproceedings{RajkumarShaLehoczky1988,
    author = {Raj Rajkumar and Lui Sha and John P. Lehoczky},
    title = {Real-time synchronization protocols for multiprocessors},
    booktitle = {Proceedings of the 9th IEEE Real-Time Systems Symposium},
    year = {1988},
    pages = {259--269},
    doi = {10.1109/REAL.1988.51113}
}

@article{Baker1977,
    author = {Henry G. Baker},
    title = {List processing in real time on a serial computer},
    journal = {Communications of the ACM},
    year = {1977},
    volume = {21},
    number = {4},
    pages = {280--294},
    doi = {10.1145/359461.359470}
}

@article{Lee2006,
    author = {Edward A. Lee},
    title = {The problem with threads},
    journal = {Computer},
    year = {2006},
    volume = {39},
    number = {5},
    pages = {33--42},
    doi = {10.1109/MC.2006.180}
}

% ============================================================================
% POLICY EVALUATION AND THREE-VALUED LOGIC
% ============================================================================

@article{BonattiDeCapitaniSamarati2002,
    author = {Piero Bonatti and Sabrina De Capitani di Vimercati and Pierangela Samarati},
    title = {An algebra for composing access control policies},
    journal = {ACM Transactions on Information and System Security},
    year = {2002},
    volume = {5},
    number = {1},
    pages = {1--35},
    doi = {10.1145/504909.504910}
}

@inproceedings{NiBertinoLobo2010,
    author = {Qun Ni and Elisa Bertino and Jorge Lobo},
    title = {D-algebra for composing access control policy decisions},
    booktitle = {Proceedings of the 4th International Symposium on Information, Computer, and Communications Security},
    year = {2010},
    pages = {298--309},
    doi = {10.1145/1755688.1755734}
}

@article{BrunsHuth2011,
    author = {Glenn Bruns and Michael Huth},
    title = {Access control via Belnap logic: Intuitive, expressive, and analyzable policy composition},
    journal = {ACM Transactions on Information and System Security},
    year = {2011},
    volume = {14},
    number = {1},
    pages = {1--27},
    doi = {10.1145/1952982.1952984}
}

@article{LiuChenHwangXie2008,
    author = {Alex X. Liu and Fei Chen and JeeHyun Hwang and Tao Xie},
    title = {Xengine: A fast and scalable XACML policy evaluation engine},
    journal = {ACM SIGMETRICS Performance Evaluation Review},
    year = {2008},
    volume = {36},
    number = {1},
    pages = {265--276},
    doi = {10.1145/1384529.1375482}
}

@article{MaroufShehab2010,
    author = {Salam Marouf and Mohamed Shehab and Anna Squicciarini and Smitha Sundareswaran},
    title = {Adaptive reordering and clustering-based framework for efficient XACML policy evaluation},
    journal = {IEEE Transactions on Services Computing},
    year = {2010},
    volume = {4},
    number = {4},
    pages = {300--313},
    doi = {10.1109/TSC.2010.46}
}

@inproceedings{TurkmenCrispo2008,
    author = {Fatih Turkmen and Bruno Crispo},
    title = {Performance evaluation of XACML PDP implementations},
    booktitle = {Proceedings of the 2008 ACM Workshop on Secure Web Services},
    year = {2008},
    pages = {37--44},
    doi = {10.1145/1456492.1456500}
}

@incollection{Belnap1977,
    author = {Nuel D. Belnap},
    title = {A useful four-valued logic},
    booktitle = {Modern Uses of Multiple-Valued Logic},
    year = {1977},
    pages = {5--37},
    publisher = {D. Reidel Publishing Company}
}

@book{Kleene1952,
    author = {Stephen Cole Kleene},
    title = {Introduction to Metamathematics},
    publisher = {North-Holland},
    year = {1952}
}

@article{Lukasiewicz1920,
    author = {Jan Lukasiewicz},
    title = {O logice trójwartościowej},
    journal = {Ruch Filozoficzny},
    year = {1920},
    volume = {5},
    pages = {170--171}
}

@book{Priest2008,
    author = {Graham Priest},
    title = {An Introduction to Non-Classical Logic: From If to Is},
    publisher = {Cambridge University Press},
    year = {2008},
    edition = {2nd},
    isbn = {978-0-521-85433-7}
}

@article{Fitting1994,
    author = {Melvin Fitting},
    title = {Kleene's three-valued logics and their children},
    journal = {Fundamenta Informaticae},
    year = {1994},
    volume = {20},
    number = {1-3},
    pages = {113--131},
    doi = {10.3233/FI-1994-20123}
}

% ============================================================================
% WORKFLOW ORCHESTRATION AND PROCESS MODELS
% ============================================================================

@book{VanDerAalstVanHee2002,
    author = {Wil M. P. van der Aalst and Kees M. van Hee},
    title = {Workflow Management: Models, Methods, and Systems},
    publisher = {MIT Press},
    year = {2002},
    isbn = {978-0-262-72046-5}
}

@article{CasatiShan2001,
    author = {Fabio Casati and Ming-Chien Shan},
    title = {Dynamic and adaptive composition of e-services},
    journal = {Information Systems},
    year = {2001},
    volume = {26},
    number = {3},
    pages = {143--162},
    doi = {10.1016/S0306-4379(01)00014-6}
}

@article{GeorgakopoulosHornickSheth1995,
    author = {Dimitrios Georgakopoulos and Mark Hornick and Amit Sheth},
    title = {An overview of workflow management: From process modeling to workflow automation infrastructure},
    journal = {Distributed and Parallel Databases},
    year = {1995},
    volume = {3},
    number = {2},
    pages = {119--153},
    doi = {10.1007/BF01277643}
}

@inproceedings{CardosoMendling2006,
    author = {Jorge Cardoso and Jan Mendling and Gustav Neumann and Hajo A. Reijers},
    title = {A discourse on complexity of process models},
    booktitle = {Business Process Management Workshops},
    year = {2006},
    volume = {4103},
    pages = {117--128},
    doi = {10.1007/11837862_13}
}

@article{LuoShethKochutMiller2000,
    author = {Zongwei Luo and Amit Sheth and Krys Kochut and John Miller},
    title = {Exception handling in workflow systems},
    journal = {Applied Intelligence},
    year = {2000},
    volume = {13},
    number = {2},
    pages = {125--147},
    doi = {10.1023/A:1008355918172}
}

@article{SadiqOrlowska2000,
    author = {Wasim Sadiq and Maria E. Orlowska},
    title = {Analyzing process models using graph reduction techniques},
    journal = {Information Systems},
    year = {2000},
    volume = {25},
    number = {2},
    pages = {117--134},
    doi = {10.1016/S0306-4379(00)00012-0}
}

@inproceedings{Cardoso2005,
    author = {Jorge Cardoso},
    title = {Evaluating the process control-flow complexity measure},
    booktitle = {IEEE International Conference on Web Services},
    year = {2005},
    pages = {803--804},
    doi = {10.1109/ICWS.2005.75}
}

@inproceedings{MendlingReijersCardoso2007,
    author = {Jan Mendling and Hajo A. Reijers and Jorge Cardoso},
    title = {What makes process models understandable?},
    booktitle = {Business Process Management},
    year = {2007},
    volume = {4714},
    pages = {48--63},
    doi = {10.1007/978-3-540-75183-0_4}
}

@article{VanhataloCVolzerKoehler2009,
    author = {Jussi Vanhatalo and Hagen Völzer and Jana Koehler},
    title = {The refined process structure tree},
    journal = {Data \& Knowledge Engineering},
    year = {2009},
    volume = {68},
    number = {9},
    pages = {793--818},
    doi = {10.1016/j.datak.2009.02.015}
}

@inproceedings{MuehlenRecker2008,
    author = {Michael zur Muehlen and Jan Recker},
    title = {How much language is enough? Theoretical and practical use of the business process modeling notation},
    booktitle = {Advanced Information Systems Engineering},
    year = {2008},
    volume = {5074},
    pages = {465--479},
    doi = {10.1007/978-3-540-69534-9_35}
}

% ============================================================================
% FORMAL METHODS AND SYSTEM VERIFICATION
% ============================================================================

@book{Lamport2002,
    author = {Leslie Lamport},
    title = {Specifying Systems: The TLA+ Language and Tools for Hardware and Software Engineers},
    publisher = {Addison-Wesley},
    year = {2002},
    isbn = {978-0-321-14306-8}
}

@article{SewellMyreenKlein2013,
    author = {Thomas Sewell and Magnus O. Myreen and Gerwin Klein},
    title = {Translation validation for a verified OS kernel},
    journal = {ACM SIGPLAN Notices},
    year = {2013},
    volume = {48},
    number = {6},
    pages = {471--482},
    doi = {10.1145/2499370.2462183}
}

@inproceedings{GuShaoCohenCOSDI2016,
    author = {Ronghui Gu and Zhong Shao and Hao Chen and Xiongnan Wu and Jieung Kim and Vilhelm Sjöberg and David Costanzo},
    title = {CertiKOS: An extensible architecture for building certified concurrent OS kernels},
    booktitle = {12th USENIX Symposium on Operating Systems Design and Implementation (OSDI 16)},
    year = {2016},
    pages = {653--669}
}

@inproceedings{SigurbjarnasonBornholtOSDI2016,
    author = {Helgi Sigurbjarnarson and James Bornholt and Emina Torlak and Xi Wang},
    title = {Push-button verification of file systems via crash refinement},
    booktitle = {13th USENIX Symposium on Operating Systems Design and Implementation (OSDI 16)},
    year = {2016},
    pages = {1--16}
}

@inproceedings{GoelSakkaShao2022,
    author = {Aman Goel and Luc Sakka and Zhong Shao},
    title = {Applying formal verification to microkernel IPC at meta},
    booktitle = {Proceedings of the 11th ACM SIGPLAN International Conference on Certified Programs and Proofs},
    year = {2022},
    pages = {116--127},
    doi = {10.1145/3497775.3503683}
}

@inproceedings{ArmandoCarboneCompagna2008,
    author = {Alessandro Armando and Roberto Carbone and Luca Compagna and Jorge Cuéllar and Llanos Tobarra},
    title = {Formal analysis of SAML 2.0 web browser single sign-on: Breaking the SAML-based single sign-on for Google Apps},
    booktitle = {Proceedings of the 6th ACM Workshop on Formal Methods in Security Engineering},
    year = {2008},
    pages = {1--10},
    doi = {10.1145/1456396.1456398}
}

@inproceedings{BeckerNanz2007,
    author = {Moritz Y. Becker and Sebastian Nanz},
    title = {The role of abduction in declarative authorization policies},
    booktitle = {Proceedings of the 10th International Conference on Principles and Practice of Declarative Programming},
    year = {2007},
    pages = {84--95},
    doi = {10.1145/1273920.1273932}
}

@inproceedings{CramptonHuth2010,
    author = {Jason Crampton and Michael Huth},
    title = {An authorization framework resilient to policy evaluation failures},
    booktitle = {Computer Security–ESORICS 2010},
    year = {2010},
    pages = {472--487},
    doi = {10.1007/978-3-642-15497-3_29}
}

@inproceedings{FislerKrishnamurthiMeyerovichTschantz2005,
    author = {Kathi Fisler and Shriram Krishnamurthi and Leo A. Meyerovich and Michael Carl Tschantz},
    title = {Verification and change-impact analysis of access-control policies},
    booktitle = {Proceedings of the 27th International Conference on Software Engineering},
    year = {2005},
    pages = {196--205},
    doi = {10.1145/1062455.1062502}
}

@techreport{MargraveTeam2006,
    author = {{Margrave Team}},
    title = {Analyzing access control policies using model checking},
    institution = {MIT Computer Science and Artificial Intelligence Laboratory},
    year = {2006},
    type = {Technical Report}
}

% ============================================================================
% PROGRAMMING LANGUAGE THEORY AND IMPLEMENTATION
% ============================================================================

@inproceedings{MullerSchwerhoffSummers2022,
    author = {Peter Müller and Malte Schwerhoff and Alexander J. Summers},
    title = {The Prusti project: Formal verification for Rust},
    booktitle = {NASA Formal Methods},
    year = {2022},
    pages = {88--108},
    doi = {10.1007/978-3-031-06773-0_5}
}

@article{AstrauskasNeoleanPOPL2019,
    author = {Vytautas Astrauskas and Peter Müller and Federico Poli and Alexander J. Summers},
    title = {Leveraging rust types for modular specification and verification},
    journal = {Proceedings of the ACM on Programming Languages},
    year = {2019},
    volume = {3},
    number = {OOPSLA},
    pages = {1--30},
    doi = {10.1145/3360573}
}

@inproceedings{LindnerApariciusLindgren2018,
    author = {Andreas Lindner and Ivo Aparicius and Per Lindgren},
    title = {No panic! Verification of rust programs by symbolic execution},
    booktitle = {2018 16th ACM/IEEE International Conference on Formal Methods and Models for System Design (MEMOCODE)},
    year = {2018},
    pages = {1--10},
    doi = {10.1109/MEMOCODE.2018.8556960}
}

@inproceedings{DenisJourdanMarche2021,
    author = {Xavier Denis and Jacques-Henri Jourdan and Claude Marché},
    title = {Creusot: A foundry for the deductive verification of Rust programs},
    booktitle = {International Conference on Formal Engineering Methods},
    year = {2021},
    pages = {90--105},
    doi = {10.1007/978-3-030-90870-6_5}
}

@inproceedings{MatsushitaTsukadaIgarashi2021,
    author = {Yusuke Matsushita and Takeshi Tsukada and Atsushi Igarashi},
    title = {RustHorn: CHC-based verification for Rust programs},
    booktitle = {Programming Languages and Systems},
    year = {2021},
    pages = {484--514},
    doi = {10.1007/978-3-030-72019-3_18}
}

@inproceedings{UllrichDeMoura2019,
    author = {Sebastian Ullrich and Leonardo de Moura},
    title = {Counting immutable beans: Reference counting optimized for purely functional programming},
    booktitle = {Proceedings of the 30th Symposium on Implementation and Application of Functional Languages},
    year = {2019},
    pages = {1--12},
    doi = {10.1145/3310232.3310241}
}

@inproceedings{WattPultePLDI2020,
    author = {Conrad Watt and Christopher Pulte and Anton Podkopaev and Guillaume Barbier and Stephen Dolan and Shaked Flur and Jean Pichon-Pharabod and Susmit Sarkar},
    title = {Repairing and mechanising the JavaScript relaxed memory model},
    booktitle = {Proceedings of the 41st ACM SIGPLAN Conference on Programming Language Design and Implementation},
    year = {2020},
    pages = {346--361},
    doi = {10.1145/3385412.3385973}
}

@article{GarianoNoblePotanin2018,
    author = {Isaac Oscar Gariano and James Noble and Alex Potanin},
    title = {Leveraging rust types for modular specification and verification},
    journal = {Proceedings of the ACM on Programming Languages},
    year = {2018},
    volume = {3},
    number = {OOPSLA},
    pages = {1--30}
}

@inproceedings{Reynolds2002,
    author = {John C. Reynolds},
    title = {Separation logic: A logic for shared mutable data structures},
    booktitle = {Proceedings of the 17th Annual IEEE Symposium on Logic in Computer Science},
    year = {2002},
    pages = {55--74},
    doi = {10.1109/LICS.2002.1029817}
}

% ============================================================================
% DISTRIBUTED SYSTEMS AND CONSENSUS
% ============================================================================

@article{Lamport2019,
    author = {Leslie Lamport},
    title = {Time, clocks, and the ordering of events in a distributed system},
    journal = {Communications of the ACM},
    year = {2019},
    volume = {21},
    number = {7},
    pages = {558--565},
    note = {Classic paper with ongoing relevance},
    doi = {10.1145/359545.359563}
}

@inproceedings{OngaroOusterhout2014,
    author = {Diego Ongaro and John Ousterhout},
    title = {In search of an understandable consensus algorithm},
    booktitle = {2014 USENIX Annual Technical Conference (USENIX ATC 14)},
    year = {2014},
    pages = {305--319}
}

@inproceedings{AbrahamMalkhiNayak2020,
    author = {Ittai Abraham and Dahlia Malkhi and Kartik Nayak and Ling Ren and Alexander Spiegelman},
    title = {Solida: A blockchain protocol based on reconfigurable Byzantine consensus},
    booktitle = {Proceedings of the 21st International Conference on Distributed Computing and Networking},
    year = {2020},
    pages = {1--10},
    doi = {10.1145/3369740.3369786}
}

@misc{BuchmanKwonMilosevic2018,
    author = {Ethan Buchman and Jae Kwon and Zarko Milosevic},
    title = {The latest gossip on BFT consensus},
    year = {2018},
    eprint = {arXiv:1807.04938}
}

@inproceedings{GuerraouiKuznetsov2019,
    author = {Rachid Guerraoui and Petr Kuznetsov and Matteo Monti and Matej Pavlovič and Dragos-Adrian Seredinschi},
    title = {The consensus number of a cryptocurrency},
    booktitle = {Proceedings of the 2019 ACM Symposium on Principles of Distributed Computing},
    year = {2019},
    pages = {307--316},
    doi = {10.1145/3293611.3331589}
}

@inproceedings{MillerXiaCromanShiSong2016,
    author = {Andrew Miller and Yu Xia and Kyle Croman and Elaine Shi and Dawn Song},
    title = {The honey badger of BFT protocols},
    booktitle = {Proceedings of the 2016 ACM SIGSAC Conference on Computer and Communications Security},
    year = {2016},
    pages = {31--42},
    doi = {10.1145/2976749.2978399}
}

@inproceedings{CabanillasResinasRuiz2011,
    author = {Cristina Cabanillas and Manuel Resinas and Antonio Ruiz-Cortés},
    title = {Mixing RASCI matrices and BPMN together for responsibility management},
    booktitle = {VII Jornadas Científico-Técnicas en Servicios Web y SOA},
    year = {2011},
    pages = {167--180}
}

@inproceedings{ColomboFrancalanciPernici2002,
    author = {Elisabetta Colombo and Chiara Francalanci and Barbara Pernici},
    title = {Modeling coordination and control in cross-organizational workflows},
    booktitle = {On the Move to Meaningful Internet Systems 2002},
    year = {2002},
    volume = {2519},
    pages = {91--106},
    doi = {10.1007/3-540-36124-3_6}
}

@article{BliudzeMavridouSzymanek2023,
    author = {Simon Bliudze and Anastasia Mavridou and Radoslaw Szymanek and Alina Zolotukhina},
    title = {Compositional verification of embedded real-time systems},
    journal = {Journal of Systems and Software},
    year = {2023},
    volume = {197},
    pages = {111078},
    doi = {10.1016/j.jss.2022.111078}
}

@inproceedings{CoferGacekMiller2012,
    author = {Darren Cofer and Andrew Gacek and Steven Miller and Michael W. Whalen and Brian LaValley and Lui Sha},
    title = {Compositional verification of architectural models},
    booktitle = {NASA Formal Methods},
    year = {2012},
    pages = {126--140},
    doi = {10.1007/978-3-642-28891-3_13}
}

% ============================================================================
% FUTURE RESEARCH DIRECTIONS
% ============================================================================

@techreport{NIST2024,
    author = {{NIST}},
    title = {Post-quantum cryptography standardization},
    institution = {National Institute of Standards and Technology},
    year = {2024},
    type = {NIST Special Publication},
    number = {800-208}
}

@article{DucasKiltzLepoint2018,
    author = {Léo Ducas and Eike Kiltz and Tancrède Lepoint and Vadim Lyubashevsky and Peter Schwabe and Gregor Seiler and Damien Stehlé},
    title = {CRYSTALS-Dilithium: A lattice-based digital signature scheme},
    journal = {IACR Transactions on Cryptographic Hardware and Embedded Systems},
    year = {2018},
    volume = {2018},
    number = {1},
    pages = {238--268},
    doi = {10.13154/tches.v2018.i1.238-268}
}

@inproceedings{SchwabeAvanzi2019,
    author = {Peter Schwabe and Roberto Avanzi and Joppe Bos and Léo Ducas and Eike Kiltz and Tancrède Lepoint and Damien Stehlé},
    title = {CRYSTALS-KYBER: A CCA-secure module-lattice-based KEM},
    booktitle = {2018 IEEE European Symposium on Security and Privacy (EuroS\&P)},
    year = {2019},
    pages = {353--367},
    doi = {10.1109/EuroSP.2019.00032}
}

@article{BernsteinDobraunig2019,
    author = {Daniel J. Bernstein and Christoph Dobraunig and Maria Eichlseder and Scott Fluhrer and Stefan-Lukas Gazdag and Christian Hanser and Ioana Tjuawinata},
    title = {SPHINCS+: Stateless hash-based signatures},
    journal = {IACR Transactions on Cryptographic Hardware and Embedded Systems},
    year = {2019},
    volume = {2019},
    number = {3},
    pages = {238--268},
    doi = {10.13154/tches.v2019.i3.238-268}
}

@article{AbdeddaimAsarinMaler2021,
    author = {Yasmina Abdeddaïm and Eugene Asarin and Oded Maler},
    title = {Fully automated verification of linear time-invariant systems against signal temporal logic specifications via reachability analysis},
    journal = {Automatica},
    year = {2021},
    volume = {124},
    pages = {109368},
    doi = {10.1016/j.automatica.2020.109368}
}

@article{ReinbacherFuggerBrauer2019,
    author = {Thomas Reinbacher and Matthias Függer and Jörg Brauer},
    title = {Runtime verification of embedded real-time systems},
    journal = {Formal Methods in System Design},
    year = {2019},
    volume = {44},
    number = {3},
    pages = {203--239},
    doi = {10.1007/s10703-018-00329-3}
}

@inproceedings{BehrmannDavidLarsen2006,
    author = {Gerd Behrmann and Alexandre David and Kim G. Larsen and Johan Håkansson and Paul Pettersson and Wang Yi and Martijn Hendriks},
    title = {UPPAAL 4.0},
    booktitle = {Third International Conference on the Quantitative Evaluation of Systems},
    year = {2006},
    pages = {125--126},
    note = {Updated tools and methodologies through 2024},
    doi = {10.1109/QEST.2006.59}
}

@article{AlurFederHenzinger1996,
    author = {Rajeev Alur and Tomás Feder and Thomas A. Henzinger},
    title = {The benefits of relaxing punctuality},
    journal = {Journal of the ACM},
    year = {1996},
    volume = {43},
    number = {1},
    pages = {116--146},
    note = {Foundational work with continued relevance},
    doi = {10.1145/227595.227602}
}

@book{BroyJonssonKatoen2005,
    author = {Manfred Broy and Bengt Jonsson and Joost-Pieter Katoen and Martin Leucker and Alexander Pretschner},
    title = {Model-based testing of reactive systems},
    publisher = {Springer},
    year = {2005},
    series = {Lecture Notes in Computer Science},
    volume = {3472},
    note = {Foundational work with ongoing applications},
    doi = {10.1007/b137241}
}

@book{ClarkeGrumbergPeled1999,
    author = {Edmund Clarke and Orna Grumberg and Doron Peled},
    title = {Model checking},
    publisher = {MIT Press},
    year = {1999},
    note = {Classic reference with continued relevance},
    isbn = {978-0-262-03270-4}
}